<?xml version="1.0" encoding="UTF-8"?><collection xmlns="http://www.loc.gov/MARC21/slim"><record><leader>00351nam--2200109-i-4500</leader><controlfield tag="001">000005635</controlfield><controlfield tag="002">20161230</controlfield><controlfield tag="005">20161230201026</controlfield><controlfield tag="008">060222s1000------------r-----000-0-eng-d</controlfield><datafield ind1=" " ind2=" " tag="245"><subfield code="a">Colloque sur les programmes d utilisation des reacteurs de recherches. vienne, 16-21 oct., 1961</subfield></datafield><datafield ind1=" " ind2=" " tag="260"><subfield code="a">Vienne, Agence Intern.De L Energie Atom., 1961 130p</subfield></datafield><datafield ind1=" " ind2=" " tag="852"><subfield code="a">16638</subfield></datafield></record></collection>